@incollection{nouvel2005,
year={2005},
isbn={978-3-540-23942-0},
booktitle={Combinatorial Image Analysis},
volume={3322},
series={Lecture Notes in Computer Science},
editor={Klette, Reinhard and \v{Z}uni\'{c}, Jovi\v{s}a},
doi={10.1007/978-3-540-30503-3_19},
title={Characterization of Bijective Discretized Rotations},
url={http://dx.doi.org/10.1007/978-3-540-30503-3_19},
publisher={Springer Berlin Heidelberg},
author={Nouvel, Bertrand and R\'{e}mila, Eric},
pages={248-259},
language={English}
}

@book{hardy1979,
title={An introduction to the theory of numbers},
author={Hardy, Godfrey Harold and Wright, Edward Maitland},
year={1979},
publisher={Oxford University Press}
}
