%Usages of volumetric datas

@book{bridson2007fluid,
  title={Fluid simulation: SIGGRAPH 2007 course notes},
  author={Bridson, Robert and M{\"u}ller-Fischer, Matthias},
  year={2007},
  publisher={ACM}
}


@inproceedings{peytavie2009arches,
  title={Arches: a framework for modeling complex terrains},
  author={Peytavie, Adrien and Galin, Eric and Grosjean, J{\'e}r{\^o}me and Merillou, Stephane},
  booktitle={Computer Graphics Forum},
  volume={28},
  number={2},
  pages={457--467},
  year={2009},
  organization={Wiley Online Library}
}


%Ray casting volumetric Data

@inproceedings{hadwiger2005real,
  title={Real-Time Ray-Casting and Advanced Shading of Discrete Isosurfaces},
  author={Hadwiger, Markus and Sigg, Christian and Scharsach, Henning and B{\"u}hler, Khatja and Gross, Markus},
  booktitle={Computer Graphics Forum},
  volume={24},
  number={3},
  pages={303--312},
  year={2005},
  organization={Wiley Online Library}
}


@InProceedings{crassin2009gigavoxels,
  author       = "Crassin, Cyril and Neyret, Fabrice and Lefebvre, Sylvain and Eisemann, Elmar",
  title        = "GigaVoxels : Ray-Guided Streaming for Efficient and Detailed Voxel Rendering",
  booktitle    = "ACM SIGGRAPH Symposium on Interactive 3D Graphics and Games (I3D)",
  month        = "feb",
  year         = "2009",
  publisher    = "ACM Press",
  organization = "ACM",
  address      = "Boston, MA, Etats-Unis",
  note         = "to appear",
  url          = "http://maverick.inria.fr/Publications/2009/CNLE09"
}

@Article{cra_ney_sai_gre_eis_2011,
  author       = "Crassin, Cyril and Neyret, Fabrice and Sainz, Miguel and Green, Simon and Eisemann, Elmar",
  title        = "Interactive Indirect Illumination Using Voxel Cone Tracing",
  journal      = "Computer Graphics Forum (Proceedings of Pacific Graphics 2011)",
  number       = "7",
  volume       = "30",
  month        = "sep",
  year         = "2011",
  keywords     = "Global illumination, indirect lighting, ambient occlusion, final gather, cone-tracing, voxels, GPU, real-time rendering",
  url          = "http://maverick.inria.fr/Publications/2011/CNSGE11b"
}

%Rendering Eq

@inproceedings{kajiya1986rendering,
  title={The rendering equation},
  author={Kajiya, James T},
  booktitle={ACM Siggraph Computer Graphics},
  volume={20},
  number={4},
  pages={143--150},
  year={1986},
  organization={ACM}
}

%%Discrete Geometry surface Extraction

@inproceedings{lorensen1987marching,
  title={Marching cubes: A high resolution 3D surface construction algorithm},
  author={Lorensen, William E and Cline, Harvey E},
  booktitle={ACM Siggraph Computer Graphics},
  volume={21},
  number={4},
  pages={163--169},
  year={1987},
  organization={ACM}
}

@article{shu1995adaptive,
  title={Adaptive marching cubes},
  author={Shu, Renben and Zhou, Chen and Kankanhalli, Mohan S},
  journal={The Visual Computer},
  volume={11},
  number={4},
  pages={202--217},
  year={1995},
  publisher={Springer}
}

@inproceedings{schaefer2004dual,
  title={Dual marching cubes: Primal contouring of dual grids},
  author={Schaefer, Scott and Warren, Joe},
  booktitle={Computer Graphics and Applications, 2004. PG 2004. Proceedings. 12th Pacific Conference on},
  pages={70--76},
  year={2004},
  organization={IEEE}
}

%% Lod Terrains

@inproceedings{duchaineau1997roaming,
  title={ROAMing terrain: real-time optimally adapting meshes},
  author={Duchaineau, Mark and Wolinsky, Murray and Sigeti, David E and Miller, Mark C and Aldrich, Charles and Mineev-Weinstein, Mark B},
  booktitle={Proceedings of the 8th Conference on Visualization'97},
  pages={81--88},
  year={1997},
  organization={IEEE Computer Society Press}
}

%% 3D Surface extraction RT

@book{lengyel2010voxel,
  title={Voxel-based terrain for real-time virtual simulations},
  author={Lengyel, Eric Stephen and Adviser-Owens, John D},
  year={2010},
  publisher={University of California at Davis}
}

@article{scholz2014real,
title =      {Real-Time Isosurface Extraction with View-Dependent Level of Detail and Applications},
author =     {Manuel Scholz and Jan Bender and Carsten Dachsbacher},
year = {2014},
pages = {1--13},
journal = {Computer Graphics Forum}
}

@article{wes_kob_art_1999,
  title={Real-time exploration of regular volume data by adaptive reconstruction of isosurfaces},
  author={Westermann, R{\"u}diger and Kobbelt, Leif and Ertl, Thomas},
  journal={The Visual Computer},
  volume={15},
  number={2},
  pages={100--111},
  year={1999},
  publisher={Springer}
}

%% GPU surface extraction

@inproceedings{tatarchuk2007real,
  title={Real-time isosurface extraction using the GPU programmable geometry pipeline},
  author={Tatarchuk, Natalya and Shopf, Jeremy and DeCoro, Christopher},
  booktitle={ACM SIGGRAPH 2007 courses},
  pages={122--137},
  year={2007},
  organization={ACM}
}

%%GPU Quadtrees

@InBook{dupuy2014quadtrees,
  chapter         = {{Quadtrees on the GPU}},
  author        = {Jonathan {Dupuy} and Jean-Claude {Iehl} and Pierre 
    {Poulin}},
  year          = {2014},
  month         = mar,
  title         = {GPU Pro 5},
   language      = {en},
  url           = {http://liris.cnrs.fr/publis/?id=6299}
}

@article{gargantini1982effective,
  title={An effective way to represent quadtrees},
  author={Gargantini, Irene},
  journal={Communications of the ACM},
  volume={25},
  number={12},
  pages={905--910},
  year={1982},
  publisher={ACM}
}

%%Lanner

@MISC{lanner,
    author = {Markus Lanner},
    title = {The voxel{T}errain library}, 
    howpublished = {http://voxelterrain.com/},
    year = {2011}
}

%%Other

@article{engel2012real,
  title={Real-time mesh extraction of dynamic volume data using GPU},
  author={Engel, Szymon and Alda, Witold and Boryczko, Krzysztof},
  year={2012},
  publisher={V{\'a}clav Skala-UNION Agency}
}

@article{raman2008converting,
  title={Converting to and from dilated integers},
  author={Raman, Rajeev and Wise, David S},
  journal={Computers, IEEE Transactions on},
  volume={57},
  number={4},
  pages={567--573},
  year={2008},
  publisher={IEEE}
}

@inproceedings{loffler2011real,
  title={Real-time Rendering of Stack-based Terrains.},
  author={L{\"o}ffler, Falko and M{\"u}ller, Andreas and Schumann, Heidrun},
  booktitle={VMV},
  pages={161--168},
  year={2011}
}

@inproceedings{scholz2013level,
author = {Manuel Scholz and Jan Bender and Carsten Dachsbacher },
title = {{Level of Detail for Real-Time Volumetric Terrain Rendering}},
pages = {211-218},
URL = {http://diglib.eg.org/EG/DL/PE/VMV/VMV13/211-218.pdf},
DOI = {10.2312/PE.VMV.VMV13.211-218},
editor = {Michael Bronstein and Jean Favre and Kai Hormann},
booktitle = {VMV 2013: Vision, Modeling \& Visualization},
year = {2013},
address = {Lugano, Switzerland},
publisher = {Eurographics Association}
}


@book{weber2003extraction,
  title={Extraction of crack-free isosurfaces from adaptive mesh refinement data},
  author={Weber, Gunther H and Kreylos, Oliver and Ligocki, Terry J and Shalf, John M and Hagen, Hans and Hamann, Bernd and Joy, Kenneth I},
  year={2003},
  publisher={Springer}
}

@inproceedings{weber2012efficient,
  title={Efficient parallel extraction of crack-free isosurfaces from adaptive mesh refinement (AMR) data},
  author={Weber, Gunther H and Childs, Hank and Meredith, Jeremy S},
  booktitle={Large Data Analysis and Visualization (LDAV), 2012 IEEE Symposium on},
  pages={31--38},
  year={2012},
  organization={IEEE}
}

@inproceedings{gerstner2000multi,
  title={Multi-Resolutional Parallel Isosurface Extraction based on Tetrahedral Bisection},
  author={Gerstner, Thomas and Rumpf, Martin},
  booktitle={Volume Graphics},
  pages={267--278},
  year={2000},
  organization={Springer}
}

@article{gerstner2002multiresolution,
  title={Multiresolution extraction and rendering of transparent isosurfaces},
  author={Gerstner, Thomas},
  journal={Computers \& Graphics},
  volume={26},
  number={2},
  pages={219--228},
  year={2002},
  publisher={Elsevier}
}

@article{westermann1999real,
  title={Real-time exploration of regular volume data by adaptive reconstruction of isosurfaces},
  author={Westermann, R{\"u}diger and Kobbelt, Leif and Ertl, Thomas},
  journal={The Visual Computer},
  volume={15},
  number={2},
  pages={100--111},
  year={1999},
  publisher={Springer}
}

@misc{bourke1997polygonising,
  title={Polygonising a scalar field using tetrahedrons},
  author={Bourke, Paul},
  year={1997}
}

@inproceedings{kobbelt2001feature,
  title={Feature sensitive surface extraction from volume data},
  author={Kobbelt, Leif P and Botsch, Mario and Schwanecke, Ulrich and Seidel, Hans-Peter},
  booktitle={Proceedings of the 28th annual conference on Computer graphics and interactive techniques},
  pages={57--66},
  year={2001},
  organization={ACM}
}

@article{d2011parallel,
  title={Parallel isosurface extraction for 3D data analysis workflows in distributed environments},
  author={D'Agostino, Daniele and Clematis, Andrea and Gianuzzi, Vittoria},
  journal={Concurrency and Computation: Practice and Experience},
  volume={23},
  number={11},
  pages={1284--1310},
  year={2011},
  publisher={Wiley Online Library}
}

@inproceedings{narayan2012isosurface,
  title={Isosurface Extraction from Hybrid Unstructured Grids Containing Pentahedral Elements.},
  author={Narayan, Akshay and Sreevalsan-Nair, Jaya and Gaither, Kelly and Hamann, Bernd},
  booktitle={GRAPP/IVAPP},
  pages={660--669},
  year={2012}
}

@article{blinn1982generalization,
  title={A generalization of algebraic surface drawing},
  author={Blinn, James F},
  journal={ACM Transactions on Graphics (TOG)},
  volume={1},
  number={3},
  pages={235--256},
  year={1982},
  publisher={ACM}
}

@incollection{congote2010extending,
  title={Extending Marching Cubes with Adaptative Methods to obtain more accurate iso-surfaces},
  author={Congote, John and Moreno, Aitor and Barandiaran, Inigo and Barandiaran, Javier and Ruiz, Oscar},
  booktitle={Computer Vision, Imaging and Computer Graphics. Theory and Applications},
  pages={35--44},
  year={2010},
  publisher={Springer Berlin Heidelberg}
}



@inproceedings{beichel2001shape,
  title={Shape-and appearance-based segmentation of volumetric medical images.},
  author={Beichel, Reinhard and Mitchell, Steven C and Sorantin, Erich and Leberl, Franz and Goshtasby, A Ardeshir and Sonka, Milan},
  booktitle={ICIP (2)},
  pages={589--592},
  year={2001}
}

@inproceedings{wan_yu_zho_guo_2011,
 author = {Wang, Lvdi and Yu, Yizhou and Zhou, Kun and Guo, Baining},
 title = {Multiscale Vector Volumes},
 booktitle = {Proceedings of the 2011 SIGGRAPH Asia Conference},
 series = {SA '11},
 year = {2011},
 isbn = {978-1-4503-0807-6},
 location = {Hong Kong, China},
 pages = {167:1--167:8},
 articleno = {167},
 numpages = {8},
 url = {http://doi.acm.org/10.1145/2024156.2024201},
 doi = {10.1145/2024156.2024201},
 acmid = {2024201},
 publisher = {ACM},
 address = {New York, NY, USA},
 keywords = {multiscale representations, volumetric modeling},
} 

@MISC{amd_2010,
author = {AMD},
title  = {Tessellation for all},
year   = {2010},
url    = {http://community.amd.com/community/amd-blogs/game/blog/2010/11/29/tessellation-for-all}
}

@inproceedings{ger_paj_2000,
  title={Topology preserving and controlled topology simplifying multiresolution isosurface extraction},
  author={Gerstner, Thomas and Pajarola, Renato},
  booktitle={Proceedings of the conference on Visualization'00},
  pages={259--266},
  year={2000},
  organization={IEEE Computer Society Press}
}
